@misc{Junit5,
    author = {Junit},
    title = {Junit 5},
	  howpublished = {\url{https://junit.org/junit5/}},
}
